<mx:record xmlns="http://www.w3.org/TR/xhtml1/strict" xmlns:mx="http://www.loc.gov/MARC21/slim" xmlns:xsi="http://www.w3.org/2001/XMLSchema-instance"><mx:leader>00000cz   2200000n  4500</mx:leader><mx:controlfield tag="001">oca02420242 </mx:controlfield><mx:controlfield tag="005">19890125063718.8</mx:controlfield><mx:controlfield tag="008">881209n| acannaab|          |a aaa |||  </mx:controlfield><mx:datafield ind1=" " ind2=" " tag="010"><mx:subfield code="a">n  88106327 </mx:subfield></mx:datafield><mx:datafield ind1=" " ind2=" " tag="040"><mx:subfield code="a">DLC</mx:subfield><mx:subfield code="c">DLC</mx:subfield></mx:datafield><mx:datafield ind1="0" ind2=" " tag="100"><mx:subfield code="a">Anthimus</mx:subfield></mx:datafield><mx:datafield ind1="0" ind2=" " tag="400"><mx:subfield code="a">Anthimos</mx:subfield></mx:datafield><mx:datafield ind1="0" ind2=" " tag="400"><mx:subfield code="a">Anthimus,</mx:subfield><mx:subfield code="c">Physician</mx:subfield><mx:subfield code="w">nnaa</mx:subfield></mx:datafield><mx:datafield ind1=" " ind2=" " tag="670"><mx:subfield code="a">His Anthimi De observatione ciborum ad Theo. Reg. Franc. epist., 1963.</mx:subfield></mx:datafield><mx:datafield ind1=" " ind2=" " tag="670"><mx:subfield code="a">LC manual auth. cd.</mx:subfield><mx:subfield code="b">(hdg.: Anthimus, Physician)</mx:subfield></mx:datafield><mx:datafield ind1=" " ind2=" " tag="670"><mx:subfield code="a">Oxford cl. dict.</mx:subfield><mx:subfield code="b">(Anthimus, a Greek physician at the court of Emperor Zeno (474-91))</mx:subfield></mx:datafield><mx:datafield ind1=" " ind2=" " tag="670"><mx:subfield code="a">Kl. Pauly</mx:subfield><mx:subfield code="b">(Anthimos)</mx:subfield></mx:datafield><mx:datafield ind1=" " ind2=" " tag="999"><mx:subfield code="a">433.9631</mx:subfield></mx:datafield></mx:record>